@article{mckeown2008openflow,
  title={OpenFlow: enabling innovation in campus networks},
  author={McKeown, Nick and Anderson, Tom and Balakrishnan, Hari and Parulkar, Guru and Peterson, Larry and Rexford, Jennifer and Shenker, Scott and Turner, Jonathan},
  journal={ACM SIGCOMM computer communication review},
  volume={38},
  number={2},
  pages={69--74},
  year={2008},
  publisher={ACM New York, NY, USA}
}

@inproceedings{marty2019snap,
  title={Snap: A microkernel approach to host networking},
  author={Marty, Michael and de Kruijf, Marc and Adriaens, Jacob and Alfeld, Christopher and Bauer, Sean and Contavalli, Carlo and Dalton, Michael and Dukkipati, Nandita and Evans, William C and Gribble, Steve and others},
  booktitle={Proceedings of the 27th ACM Symposium on Operating Systems Principles},
  pages={399--413},
  year={2019}
}